@article{ROBERTSON1986309,
title = "Graph minors. II. Algorithmic aspects of tree-width",
journal = "Journal of Algorithms",
volume = "7",
number = "3",
pages = "309 - 322",
year = "1986",
issn = "0196-6774",
doi = "https://doi.org/10.1016/0196-6774(86)90023-4",
url = "http://www.sciencedirect.com/science/article/pii/0196677486900234",
author = "Neil Robertson and P.D Seymour"
}
@book{BONDY,
title = "Graph Theory",
year = "2011",
publisher="Springer London",
series= "Graduate Texts in Mathematics",
doi = "https://doi.org/10.1016/0196-6774(86)90023-4",
url = "https://books.google.com.br/books?id=HuDFMwZOwcsC",
author = "Bondy, A. and Murty, U. S. R."
}

@book{WEST,
title = "Introduction to Graph Theory",
year = "2017",
publisher="Pearson",
series= "Math Classics",
doi = "https://doi.org/10.1016/0196-6774(86)90023-4",
url = "https://books.google.com.br/books?id=HuDFMwZOwcsC",
author = "West, D. "
}

@book{BONDY,
title = "Graph Theory",
year = "2011",
publisher="Springer London",
series= "Graduate Texts in Mathematics",
doi = "https://doi.org/10.1016/0196-6774(86)90023-4",
url = "https://books.google.com.br/books?id=HuDFMwZOwcsC",
author = "Bondy, A. and Murty, U. S. R."
}

@book{PELAYO,
title = "Geodesic Convexity in Graphs",
year = "2013",
publisher="Springer New York",
series= "SpringerBriefs in Mathematics",
author = "Pelayo, I. M."
}
@article{centeno:hal-00990463,
  TITLE = {{Convex Partitions of Graphs induced by Paths of Order Three}},
  AUTHOR = {Centeno, C. C. and Dantas, S. and Dourado, M. C. and Rautenbach, Dieter and Szwarcfiter, Jayme Luiz},
  URL = {https://hal.inria.fr/hal-00990463},
  NOTE = {Graphs and Algorithms},
  JOURNAL = {{Discrete Mathematics and Theoretical Computer Science}},
  PUBLISHER = {{DMTCS}},
  VOLUME = {12},
  NUMBER = {5},
  PAGES = {175-184},
  YEAR = {2010},
  KEYWORDS = {graph convexity ; convex partition},
  PDF = {https://hal.inria.fr/hal-00990463/file/1519-5818-1-PB.pdf},
  HAL_ID = {hal-00990463},
  HAL_VERSION = {v1},
}
@article{Dourado:2010,
 author = {Dourado, Mitre C. and Protti, Fábio and Rautenbach, Dieter and Szwarcfiter, Jayme L.},
 title = {Some Remarks on the Geodetic Number of a Graph},
 journal = {Discrete Math.},
 issue_date = {February, 2010},
 year = {2010},
 pages = {832--837},
 publisher = {Elsevier Science Publishers B. V.},
 address = {Amsterdam, The Netherlands, The Netherlands},
 keywords = {Cograph, Convex hull, Convex set, Geodetic number, Split graph, Unit interval graph},
} 

@phdthesis{MOISES,
title = "O número de Helly na convexidade geodética em grafos",
year = "2016",
school="Universidade Federal do Rio de Janeiro",
url = "http://www.din.uem.br/sbpo/sbpo2014/pdf/arq0416.pdf",
author = "Moisés Teles Carvalho Junior
",
}

@article{DOURADO1,
title = "Complexity results related to monophonic convexity",
journal = "Discrete Applied Mathematics",
volume = "158",
number = "12",
pages = "1268 - 1274",
year = "2010",
doi = "https://doi.org/10.1016/j.dam.2009.11.016",
url = "http://www.sciencedirect.com/science/article/pii/S0166218X0900479X",
author = "Mitre C. Dourado and Fábio Protti and Jayme L. Szwarcfiter",
keywords = "m-convex set, m-convexity number, m-hull number, Monophonic convexity, Monophonic number"
}

@article{CHANGAT2,
title = "Convexities related to path properties on graphs",
journal = "Discrete Mathematics",
volume = "290",
number = "2",
pages = "117 - 131",
year = "2005",
issn = "0012-365X",
doi = "https://doi.org/10.1016/j.disc.2003.07.014",
author = "Manoj Changat and Henry Martyn Mulder and Gerard Sierksma",
keywords = "Transit function, Geodesic, Induced path, Convexity"
}

@phdthesis{CENTENO,
title = "Sobre convexidade P3",
year = "2012",
school="Universidade Federal do Rio de Janeiro",
author = "Carmen Cecilia Centeno",
}

@article{JOSEPH,
author = {Changat, Manoj and Mathews, Joseph},
year = {1999},
month = {08},
pages = {91-95},
title = {On triangle path convexity in graphs},
volume = {206},
booktitle = {Discrete Mathematics}
}

@article{Dourado2012,
author="Dourado, Mitre C.
and Protti, F{\'a}bio
and Rautenbach, Dieter
and Szwarcfiter, Jayme L.",
title="On the Convexity Number of Graphs",
journal="Graphs and Combinatorics",
year="2012",
month="May",
day="01",
volume="28",
number="3",
pages="333--345",
abstract="A set of vertices S in a graph is convex if it contains all vertices which belong to shortest paths between vertices in S. The convexity number c(G) of a graph G is the maximum cardinality of a convex set of vertices which does not contain all vertices of G. We prove NP-completeness of the problem to decide for a given bipartite graph G and an integer k whether c(G)Â â¥ k. Furthermore, we identify natural necessary extension properties of graphs of small convexity number and study the interplay between these properties and upper bounds on the convexity number.",
issn="1435-5914",
doi="10.1007/s00373-011-1049-7",
url="https://doi.org/10.1007/s00373-011-1049-7"
}

@article{Chartrand2002,
author="Chartrand, Gary
and Wall, Curtiss E.
and Zhang, Ping",
title="The Convexity Number of a Graph",
journal="Graphs and Combinatorics",
year="2002",
month="May",
day="01",
volume="18",
number="2",
pages="209--217",
url="https://doi.org/10.1007/s003730200014"
}

@article{.CENTENO20113693,
title = "Irreversible conversion of graphs",
journal = "Theoretical Computer Science",
pages = "3693 - 3700",
year = "2011",
author = "Carmen C. Centeno and Mitre C. Dourado and Lucia Draque Penso and Dieter Rautenbach and Jayme L. Szwarcfiter",
keywords = "Irreversible threshold process, Local majority process, Fault propagation, Spread of disease, Dynamic monopoly, Catastrophic fault pattern"
}

@article{CENTENO200911,
title = "On the Convexity of Paths of Length Two in Undirected Graphs",
journal = "Electronic Notes in Discrete Mathematics",
volume = "32",
pages = "11 - 18",
year = "2009",
note = "DIMAP Workshop on Algorithmic Graph Theory",
issn = "1571-0653",
doi = "https://doi.org/10.1016/j.endm.2009.02.003",
url = "http://www.sciencedirect.com/science/article/pii/S1571065309000043",
author = "Carmen C. Centeno and Mitre C. Dourado and Jayme L. Szwarcfiter",
keywords = "algorithms, complexity, convexity,  convexity"
}
@book{kubale2004graph,
  title={Graph colorings},
  author={Kubale, Marek},
  volume={352},
  year={2004},
  publisher={American Mathematical Soc.}
}

@book{Garey,
 author = {Garey, Michael R. and Johnson, David S.},
 title = {Computers and Intractability; A Guide to the Theory of NP-Completeness},
 year = {1990},
 isbn = {0716710455},
 publisher = {W. H. Freeman \& Co.},
 address = {New York, NY, USA},
} 


@book{Jayme1,
 author = {Szwarcfiter, Jayme Luiz },
 title = {Grafos e algoritmos computacionais },
 year = {1988},
 isbn = {	8570013418 (broch.)},
 publisher = {Rio de Janeiro : Campus},

} 


@incollection{karp1972reducibility,
  title={Reducibility among combinatorial problems},
  author={Karp, Richard M},
  booktitle={Complexity of computer computations},
  pages={85--103},
  year={1972},
  publisher={Springer}
}


@article{MOON,
title = "Embedding tournaments in simple tournaments",
journal = "Discrete Mathematics",
volume = "2",
number = "4",
pages = "389 - 395",
year = "1972",
issn = "0012-365X",
doi = "https://doi.org/10.1016/0012-365X(72)90016-7",
url = "http://www.sciencedirect.com/science/article/pii/0012365X72900167",
author = "J.W. Moon"
}

@article{sierksma,
  title={Exchange Properties of Convexity Space},
  author={Sierksma, Gerard},
  journal={Ann. Discrete Math},
  volume={20},
  pages={293--305},
  year={1984}
}

@article{levi1,
  title={On Helly's theorem and the axioms of convexity},
  author={Levi, Friedrich W},
  journal={The Journal of the Indian Mathematical Society},
  volume={15},
  pages={65--76},
  year={1951}
}

@article{hogaasen,
  title={Ordres partiels et permuto{\`e}dre},
  author={Feldman-H{\"o}gaasen, Jacqueline},
  journal={Math{\'e}matiques et Sciences humaines},
  volume={28},
  number={28},
  pages={27--38},
  year={1969}
}

@article{harary1981,
  title={Convexity in graphs},
  author={Harary, Frank and Nieminen, Juhani and others},
  journal={Journal of Differential Geometry},
  volume={16},
  number={2},
  pages={185--190},
  year={1981},
  publisher={Lehigh University}
}


@article{dou1,
author = {Rautenbach, Dieter and Szwarcfiter, Jayme and Pereira de Sá, Vinícius and Dourado, Mitre},
year = {2014},
month = {01},
pages = {},
title = {Linear-time algorithm for the geodetic Radon number of grids},
journal = {Submitted for journal publication},
doi = {10.1016/j.dam.2015.05.001}
}


@article{CAMPOS,
title = "Graphs with few P4’s under the convexity of paths of order three",
journal = "Discrete Applied Mathematics",
volume = "192",
pages = "28 - 39",
year = "2015",
note = "11th Cologne/Twente Workshop on Graphs and Combinatorial Optimization (CTW 2012)",
issn = "0166-218X",
doi = "https://doi.org/10.1016/j.dam.2014.05.005",
url = "http://www.sciencedirect.com/science/article/pii/S0166218X14002078",
author = "Victor Campos and Rudini M. Sampaio and Ana Silva and Jayme L. Szwarcfiter",
keywords = "Convexity of paths of order three, Hull number, Carathéodory number, Radon number, -graphs, Fixed parameter tractability"
}

@article{erdos,
  title={Some remarks on simple tournaments},
  author={Erdös, P and Fried, E and Hajnal, Andras and Milner, EiC},
  journal={Algebra Universalis},
  volume={2},
  number={1},
  pages={238--245},
  year={1972},
  publisher={Springer}
}

@article{DUCHET1,
title = "Convex sets in graphs, II. Minimal path convexity",
journal = "Journal of Combinatorial Theory, Series B",
volume = "44",
number = "3",
pages = "307 - 316",
year = "1988",
issn = "0095-8956",
doi = "https://doi.org/10.1016/0095-8956(88)90039-1",
url = "http://www.sciencedirect.com/science/article/pii/0095895688900391",
author = "Pierre Duchet"
}

@phdthesis{Eurinardo,
title = " Monophonic Convexity in Classes of Graphs",
year = "2015",
doi = "https://doi.org/10.1016/0095-8956(88)90039-1",
url = "http://www.sciencedirect.com/science/article/pii/0095895688900391",
school="Universidade Federal do Ceará",
author = "Costa, Eurinardo Rodrigues"
}

@article{araujo2018,
  title={The convexity of induced paths of order three and applications: complexity aspects},
  author={Ara{\'u}jo, Rafael T and Sampaio, Rudini M and dos Santos, Vin{\'\i}cius F and Szwarcfiter, Jayme L},
  journal={Discrete Applied Mathematics},
  volume={237},
  pages={33--42},
  year={2018},
  publisher={Elsevier}
}


@article{EVERETT1985217,
title = "The hull number of a graph",
journal = "Discrete Mathematics",
volume = "57",
number = "3",
pages = "217 - 223",
year = "1985",
issn = "0012-365X",
doi = "https://doi.org/10.1016/0012-365X(85)90174-8",
url = "http://www.sciencedirect.com/science/article/pii/0012365X85901748",
author = "Martin G Everett and Stephen B Seidman"
}

@article{PALUGA,
title = "Monophonic numbers of the join and composition of connected graphs",
journal = "Discrete Mathematics",
volume = "307",
number = "9",
pages = "1146 - 1154",
year = "2007",
issn = "0012-365X",
doi = "https://doi.org/10.1016/j.disc.2006.08.002",
url = "http://www.sciencedirect.com/science/article/pii/S0012365X0600625X",
author = "Esamel M. Paluga and Sergio R. Canoy, Jr",
keywords = ", , , Composition"
}

@article{kante2017geodetic,
  title={On the geodetic rank of a graph},
  author={Kant{\'e}, Mamadou Moustapha and Sampaio, Rudini M and dos Santos, Vin{\'\i}cius F and Szwarcfiter, Jayme L},
  journal={Journal of Combinatorics},
  volume={8},
  number={2},
  pages={323--340},
  year={2017},
  publisher={International Press of Boston}
}

@article{Bodlaender,
  title={A linear timer algorithm for finding tree-decompositions for small treewidth},
  author={H. L. Bodlaender},
  journal={Journal on Computing},
  volume={8},
  number={2},
  pages={1305--1317},
  year={1996},
}
 
@article{ramos:hal-01185615,
  TITLE = {{Complexity aspects of the computation of the rank of a graph}},
  AUTHOR = {Ramos, Igor da Fonseca and Santos, Vin{\'i}cius F. dos and Szwarcfiter, Jayme L.},
  URL = {https://hal.inria.fr/hal-01185615},
  NOTE = {Special issue PRIMA 2013},
  JOURNAL = {{Discrete Mathematics and Theoretical Computer Science}},
  PUBLISHER = {DMTCS},
  VOLUME = {Vol. 16 no. 2 (in progress)},
  NUMBER = {2},
  PAGES = {73--86},
  YEAR = {2014},
  MONTH = Sep,
  KEYWORDS = {Algorithm Design ; Graph Theory ; Graph Convexity ; Computational Complexity},
  PDF = {https://hal.inria.fr/hal-01185615/file/dmtcs-16-2-6.pdf},
  HAL_VERSION = {v1}
}


@article{ROBERTSON1986309,
title = "Graph minors. II. Algorithmic aspects of tree-width",
journal = "Journal of Algorithms",
volume = "7",
number = "3",
pages = "309 - 322",
year = "1986",
issn = "0196-6774",
doi = "https://doi.org/10.1016/0196-6774(86)90023-4",
url = "http://www.sciencedirect.com/science/article/pii/0196677486900234",
author = "Robertson, N. and Seymour, P."
}
@book{BONDY,
title = "Graph Theory",
year = "2011",
publisher="Springer London",
series= "Graduate Texts in Mathematics",
doi = "https://doi.org/10.1016/0196-6774(86)90023-4",
url = "https://books.google.com.br/books?id=HuDFMwZOwcsC",
author = "Bondy, A. and Murty, U. S. R."
}

@book{WEST,
title = "Introduction to Graph Theory",
year = "2017",
publisher="Pearson",
series= "Math Classics",
doi = "https://doi.org/10.1016/0196-6774(86)90023-4",
url = "https://books.google.com.br/books?id=HuDFMwZOwcsC",
author = "West, D. "
}


@book{PELAYO,
title = "Geodesic Convexity in Graphs",
year = "2013",
publisher="Springer New York",
series= "SpringerBriefs in Mathematics",
url = "https://books.google.com.br/books?id=vk-6BAAAQBAJ",
author = "Pelayo, I. M."
}

@article{DOURADO20095668,
author = {Costa Dourado, Mitre and Gimbel, John and Kratochvíl, Jan and Protti, Fábio and Szwarcfiter, Jayme},
year = {2009},
month = {09},
pages = {5668-5674},
title = {On the computation of the hull number of a graph},
volume = {309},
journal = {Discrete Mathematics},
}


@article{centeno:hal-00990463,
  TITLE = {{Convex Partitions of Graphs induced by Paths of Order Three}},
  AUTHOR = {Centeno, C. C. and Dantas, S. and Dourado, M. C. and Rautenbach, D. and Szwarcfiter, J. L.},
  URL = {https://hal.inria.fr/hal-00990463},
  NOTE = {Graphs and Algorithms},
  JOURNAL = {{Discrete Mathematics and Theoretical Computer Science}},
  PUBLISHER = {{DMTCS}},
  VOLUME = {12},
  NUMBER = {5},
  PAGES = {175-184},
  YEAR = {2010},
  KEYWORDS = {graph convexity ; convex partition},
  PDF = {https://hal.inria.fr/hal-00990463/file/1519-5818-1-PB.pdf},
  HAL_ID = {hal-00990463},
  HAL_VERSION = {v1},
}
@article{Dourado:2010,
 author={Dourado, M. C. and Protti, F. and Rautenbach, D. and Szwarcfiter, J. L.},
 title = {Some Remarks on the Geodetic Number of a Graph},
 journal = {Discrete Math.},
 issue_date = {February, 2010},
 volume = {310},
 number = {4},
 month = feb,
 year = {2010},
 issn = {0012-365X},
 pages = {832--837},
 numpages = {6},
 url = {http://dx.doi.org/10.1016/j.disc.2009.09.018},
 doi = {10.1016/j.disc.2009.09.018},
 acmid = {2647159},
 publisher = {Elsevier Science Publishers B. V.},
 address = {Amsterdam, The Netherlands, The Netherlands},
 keywords = {Cograph, Convex hull, Convex set, Geodetic number, Split graph, Unit interval graph},
} 

@phdthesis{MOISES,
title = "O número de Helly na convexidade geodética em grafos",
year = "2016",
school="Universidade Federal do Rio de Janeiro",
url = "http://www.din.uem.br/sbpo/sbpo2014/pdf/arq0416.pdf",
author = "Carvalho Junior, M. T.
",
}

@article{DOURADO1,
title = "Complexity results related to monophonic convexity",
journal = "Discrete Applied Mathematics",
volume = "158",
number = "12",
pages = "1268 - 1274",
year = "2010",
note = "Traces from LAGOS 07 IV Latin American Algorithms, Graphs, and Optimization Symposium Puerto Varas - 2007",
issn = "0166-218X",
doi = "https://doi.org/10.1016/j.dam.2009.11.016",
url = "http://www.sciencedirect.com/science/article/pii/S0166218X0900479X",
author = "Dourado, M. C. and Protti, F. and Szwarcfiter, J. L.",
keywords = "m-convex set, m-convexity number, m-hull number, Monophonic convexity, Monophonic number"
}


@article{CHANGAT2,
title = "Convexities related to path properties on graphs",
journal = "Discrete Mathematics",
volume = "290",
number = "2",
pages = "117 - 131",
year = "2005",
issn = "0012-365X",
doi = "https://doi.org/10.1016/j.disc.2003.07.014",
author = "Changat, M. and Mulder, H. M. and Sierksma, G.",
keywords = "Transit function, Geodesic, Induced path, Convexity"
}



@article{JOSEPH,
author = {Changat, M. and Mathews, J.},
year = {1999},
month = {08},
pages = {91-95},
title = {On triangle path convexity in graphs},
volume = {206},
booktitle = {Discrete Mathematics}
}



@article{MOON,
title = "Embedding tournaments in simple tournaments",
journal = "Discrete Mathematics",
volume = "2",
number = "4",
pages = "389 - 395",
year = "1972",
issn = "0012-365X",
doi = "https://doi.org/10.1016/0012-365X(72)90016-7",
author = "Moon, J. W."
}

@article{Dourado2012,
author="Dourado, M. C.
and Protti, F{\'a}bio
and Rautenbach, Dieter
and Szwarcfiter, Jayme L.",
title="On the Convexity Number of Graphs",
journal="Graphs and Combinatorics",
year="2012",
month="May",
day="01",
volume="28",
number="3",
pages="333--345",
abstract="A set of vertices S in a graph is convex if it contains all vertices which belong to shortest paths between vertices in S. The convexity number c(G) of a graph G is the maximum cardinality of a convex set of vertices which does not contain all vertices of G. We prove NP-completeness of the problem to decide for a given bipartite graph G and an integer k whether c(G)Â â¥ k. Furthermore, we identify natural necessary extension properties of graphs of small convexity number and study the interplay between these properties and upper bounds on the convexity number.",
issn="1435-5914",
doi="10.1007/s00373-011-1049-7",
url="https://doi.org/10.1007/s00373-011-1049-7"
}

@article{Chartrand2002,
author="Chartrand, G.
and Wall, Curtiss E.
and Zhang, Ping",
title="The Convexity Number of a Graph",
journal="Graphs and Combinatorics",
year="2002",
month="May",
day="01",
volume="18",
number="2",
pages="209--217",
abstract="{\enspace}For two vertices u and v of a connected graph G, the set I[u,v] consists of all those vertices lying on a uâv shortest path in G, while for a set S of vertices of G, the set I[S] is the union of all sets I[u,v] for u,vâS. A set S is convex if I[S]=S. The convexity number con(G) of G is the maximum cardinality of a proper convex set of G. The clique number $\omega$(G) is the maximum cardinality of a clique in G. If G is a connected graph of order n that is not complete, then nâ¥3 and 2â€$\omega$(G)â€con(G)â€nâ1. It is shown that for every triple l,k,n of integers with nâ¥3 and 2â€lâ€kâ€nâ1, there exists a noncomplete connected graph G of order n with $\omega$(G)=l and con(G)=k. Other results on convex numbers are also presented.",
issn="1435-5914",
doi="10.1007/s003730200014",
url="https://doi.org/10.1007/s003730200014"
}

@article{CENTENO20113693,
title = "Irreversible conversion of graphs",
journal = "Theoretical Computer Science",
volume = "412",
number = "29",
pages = "3693 - 3700",
year = "2011",
issn = "0304-3975",
doi = "https://doi.org/10.1016/j.tcs.2011.03.029",
url = "http://www.sciencedirect.com/science/article/pii/S0304397511002660",
author = "Centeno, C. C. and Dourado, M. C. and Penso, L. D. and Rautenbach, D. and Szwarcfiter, J. L.",
keywords = "Irreversible threshold process, Local majority process, Fault propagation, Spread of disease, Dynamic monopoly, Catastrophic fault pattern"
}



@incollection{karp1972reducibility,
  title={Reducibility among combinatorial problems},
  author={Karp, R. M.},
  booktitle={Complexity of computer computations},
  pages={85--103},
  year={1972},
  publisher={Springer}
}


@article{MOON,
title = "Embedding tournaments in simple tournaments",
journal = "Discrete Mathematics",
volume = "2",
number = "4",
pages = "389 - 395",
year = "1972",
issn = "0012-365X",
doi = "https://doi.org/10.1016/0012-365X(72)90016-7",
url = "http://www.sciencedirect.com/science/article/pii/0012365X72900167",
author = "Moon, J. W."
}

@article{sierksma,
  title={Exchange Properties of Convexity Space},
  author={Sierksma, G.},
  journal={Ann. Discrete Math},
  volume={20},
  pages={293--305},
  year={1984}
}

@article{levi1,
  title={On Helly's theorem and the axioms of convexity},
  author={Levi, F. W.},
  journal={The Journal of the Indian Mathematical Society},
  volume={15},
  pages={65--76},
  year={1951}
}

@article{hogaasen,
  title={Ordres partiels et permuto{\`e}dre},
  author={Feldman-H{\"o}gaasen, Jacqueline},
  journal={Math{\'e}matiques et Sciences humaines},
  volume={28},
  number={28},
  pages={27--38},
  year={1969}
}

@article{harary1981,
  title={Convexity in graphs},
  author={Harary, F. and Nieminen, J. and others},
  journal={Journal of Differential Geometry},
  volume={16},
  number={2},
  pages={185--190},
  year={1981},
  publisher={Lehigh University}
}


@article{dou1,
author = {Rautenbach, D. and Szwarcfiter, J. L. and Pereira de Sá, V. and Dourado, M. C.},
year = {2014},
month = {01},
pages = {},
title = {Linear-time algorithm for the geodetic Radon number of grids},
journal = {Submitted for journal publication},
doi = {10.1016/j.dam.2015.05.001}
}


@article{CAMPOS,
title = "Graphs with few P4’s under the convexity of paths of order three",
author={CAMPOS},
journal = "Discrete Applied Mathematics",
volume = "192",
pages = "28 - 39",
year = "2015",
note = "11th Cologne/Twente Workshop on Graphs and Combinatorial Optimization (CTW 2012)",
}

@article{Erdos,
title= "Some remarks on simple tournaments",
author={Erdos, P. and Fried, E. and Hajnal, A. and Milner, E.},
journal="Algebra Universalis",
volume="2",
pages="238-245",
year="1972",
publisher="Springer",
}

@article{DUCHET1,
title = "Convex sets in graphs, II. Minimal path convexity",
journal = "Journal of Combinatorial Theory, Series B",
volume = "44",
number = "3",
pages = "307 - 316",
year = "1988",
issn = "0095-8956",
doi = "https://doi.org/10.1016/0095-8956(88)90039-1",
url = "http://www.sciencedirect.com/science/article/pii/0095895688900391",
author = "Duchet, P."
}

@phdthesis{Eurinardo,
title = " Monophonic Convexity in Classes of Graphs",
year = "2015",
doi = "https://doi.org/10.1016/0095-8956(88)90039-1",
url = "http://www.sciencedirect.com/science/article/pii/0095895688900391",
school="Universidade Federal do Ceará",
author = "Costa, E. R."
}

@article{araujo2018,
  title={The convexity of induced paths of order three and applications: complexity aspects},
  author={Araujo, R. T. and Sampaio, R. M. and dos Santos, V. F and Szwarcfiter, J. L},
  journal={Discrete Applied Mathematics},
  volume={237},
  pages={33--42},
  year={2018},
  publisher={Elsevier}
}


@article{EVERETT1985217,
title = "The hull number of a graph",
journal = "Discrete Mathematics",
volume = "57",
number = "3",
pages = "217 - 223",
year = "1985",
issn = "0012-365X",
doi = "https://doi.org/10.1016/0012-365X(85)90174-8",
url = "http://www.sciencedirect.com/science/article/pii/0012365X85901748",
author = "Everett, M. G. and Seidman, S. B."
}

@article{PALUGA,
title = "Monophonic numbers of the join and composition of connected graphs",
journal = "Discrete Mathematics",
volume = "307",
number = "9",
pages = "1146 - 1154",
year = "2007",
issn = "0012-365X",
doi = "https://doi.org/10.1016/j.disc.2006.08.002",
url = "http://www.sciencedirect.com/science/article/pii/S0012365X0600625X",
author = "Paluga, E. M. and Canoy Jr, S. R.",
keywords = " Composition"
}

@article{kante2017geodetic,
  title={On the geodetic rank of a graph},
  author={Kant{\'e}, M. M. and Sampaio, R. M and dos Santos, V. F and Szwarcfiter, J. L},
  journal={Journal of Combinatorics},
  volume={8},
  number={2},
  pages={323--340},
  year={2017},
  publisher={International Press of Boston}
}

@article{ramos:hal-01185615,
  TITLE = {{Complexity aspects of the computation of the rank of a graph}},
  AUTHOR = {Ramos, I. F. and Santos, V. F. and Szwarcfiter, J. L.},
  URL = {https://hal.inria.fr/hal-01185615},
  NOTE = {Special issue PRIMA 2013},
  JOURNAL = {{Discrete Mathematics and Theoretical Computer Science}},
  PUBLISHER = {{DMTCS}},
  VOLUME = {Vol. 16 no. 2 (in progress)},
  NUMBER = {2},
  PAGES = {73--86},
  YEAR = {2014},
  MONTH = Sep,
  KEYWORDS = {Algorithm Design ; Graph Theory ; Graph Convexity ; Computational Complexity},
  PDF = {https://hal.inria.fr/hal-01185615/file/dmtcs-16-2-6.pdf},
  HAL_ID = {hal-01185615},
  HAL_VERSION = {v1}
}

@article{Gustedt:1993,
 author = {Gustedt, J.},
 title = {On the Pathwidth of Chordal Graphs},
 journal = {Discrete Appl. Math.},
 issue_date = {Sept. 7, 1993},
 volume = {45},
 number = {3},
 month = sep,
 year = {1993},
 issn = {0166-218X},
 pages = {233--248},
 numpages = {16},
 url = {http://dx.doi.org/10.1016/0166-218X(93)90012-D},
 doi = {10.1016/0166-218X(93)90012-D},
 acmid = {163001},
 publisher = {Elsevier Science Publishers B. V.},
 address = {Amsterdam, The Netherlands, The Netherlands},
} 
@article{Cerioli2006,
  title={Characterizing Intersection Graphs of Substars of a Star},
  author={Cerioli, M. R. and Szwarcfiter, J. L.},
  journal={Ars Comb.},
  year={2006},
  volume={79}
}

@article{10Szwarcfiter,
  title={Determining the rank of some graph convexities},
  author={Szwarcfiter, J. L.},
  journal={São Paulo School of Advanced Science on Algorithms, Combinatorics and Optimization (SPSAS-ACO)},
  year={2016},
  volume={7}}

@article{infection1,
  title={The maximum infection time in the geodesic and monophonic convexities},
  author={Benevides, Fabricio and Campos, Victor and C. Dourado, Mitre and Sampaio, Rudini and Silva},
  journal={Theoretical Computer Science},
  year={2015}, 
  }
  
  
@book{Garey1,
 title = {Computers and Intractability: A Guide to the Theory of NP-Completeness},
 author = {Garey, M. R. and Johnson, D. S.},
 publisher = {W. H. Freeman $\&$ Co.},
 year = {1979},
 isbn = {0716710447},
 address = {New York, NY, USA}
} 

@phdthesis{Igor,
 author = {Ramos, I. F.},
 title = {O Posto de Uma Convexidade de Grafos},
 year = {2014},
 school="Universidade Federal do Rio de Janeiro",
 address = {Rio de Janeiro, RJ, Brasil},
} 

@book{Burkard,
 author = {Burkard, R.E. and Krarup},
 title = {A linear algorithm for the pos/neg-weighted 1-median problem on a cactus},
 journal={Computing},
 year = {1998},
 isbn = {1436-5057},
  publisher = {Springer-Verlag},
  volume={60},
 doi={https://doi.org/10.1007/BF02684332}
} 


@article{Rob,
author={Robert Haas, Michael Hoffmann},
title= {Chordless paths through three vertices},
journal={Theoretical Computer Science},
year={2006},
Pages={360-371},
}

@article{Marcilon2018ThePI,
  title={The P3 infection time is W[1]-hard parameterized by the treewidth},
  author={Thiago Braga Marcilon and Rudini Menezes Sampaio},
  journal={Inf. Process. Lett.},
  year={2018},
  volume={132},
  pages={55-61}
}

@article{Bessy2017TheGH,
  title={The Geodetic Hull Number is Hard for Chordal Graphs},
  author={St{\'e}phane Bessy and Mitre Costa Dourado and Lucia Draque Penso and Dieter Rautenbach},
  journal={ArXiv},
  year={2017},
  volume={abs/1704.02242}
}

@article{2017arXiv170803868M,
       author = {{Manuel}, Paul and {Klav{\v{z}}ar}, Sandi and {Xavier}, Antony and
         {Arokiaraj}, Andrew and {Thomas}, Elizabeth},
        title = "{Strong geodetic problem in networks: computational complexity and solution for Apollonian networks}",
      journal = {arXiv e-prints},
     keywords = {Mathematics - Combinatorics, 05C12, 05C70, 68Q17},
         year = "2017",
        month = "Aug",
          eid = {arXiv:1708.03868},
        pages = {arXiv:1708.03868},
archivePrefix = {arXiv},
       eprint = {1708.03868},
 primaryClass = {math.CO},
       adsurl = {https://ui.adsabs.harvard.edu/abs/2017arXiv170803868M},
      adsnote = {Provided by the SAO/NASA Astrophysics Data System}
}

@article{DOURADO201652,
title = "On the geodetic hull number of Pk-free graphs",
journal = "Theoretical Computer Science",
volume = "640",
pages = "52 - 60",
year = "2016",
issn = "0304-3975",
doi = "https://doi.org/10.1016/j.tcs.2016.05.047",
url = "http://www.sciencedirect.com/science/article/pii/S0304397516302341",
author = "Mitre C. Dourado and Lucia D. Penso and Dieter Rautenbach",
keywords = "Geodetic convexity, Hull number, Geodetic number, Interval number, -free graphs",

}

@book{Garey,
 author = {Garey, Michael R. and Johnson, David S.},
 title = {Computers and Intractability; A Guide to the Theory of NP-Completeness},
 year = {1990},
 publisher = {W. H. Freeman \& Co.},
 address = {New York, NY, USA},
} 

@book{Downey,
 author = {Downey, Rodney G. and Fellows, M. R.},
 title = {Parameterized Complexity},
 year = {1999},
 isbn = {1461267986, 9781461267980},
 publisher = {Springer Publishing Company, Incorporated},
} 

@book{Flum,
 author = {Flum, J. and Grohe, M.},
 title = {Parameterized Complexity Theory (Texts in Theoretical Computer Science. An EATCS Series)},
 year = {2006},
 isbn = {3540299521},
 publisher = {Springer-Verlag},
 address = {Berlin, Heidelberg},
} 

@book{Rolf,
author = {Niedermeier, Rolf},
year = {2006},
month = {01},
pages = {},
title = {Invitation to Fixed-Parameter Algorithms},
journal = {Invitation to Fixed-Parameter Algorithms},
doi = {10.1093/acprof:oso/9780198566076.001.0001}
}


@article{Leimer,
title = "Optimal decomposition by clique separators",
journal = "Discrete Mathematics",
volume = "113",
pages = "99 - 123",
year = "1993",
author = "Hanns-Georg Leimer",


}


@article{leonida2018independent,
  title={Independent 2-Domination in Graphs},
  author={Leonida, Rene E and Allosa, Rowel C},
  journal={Applied Mathematical Sciences},
  volume={12},
  number={12},
  pages={581--585},
  year={2018}
}


@phdthesis{Marcio,
 author = {Duarte, M. A},
 title = {Sobre convexidade em prismas complementares},
 year = {2015},
 school="Universidade Federal de Goiás",
 address = {Goiânia, GO, Brasil},
} 


@book{haynes,
  title={Fundamentals of domination in graphs},
  author={Haynes, Teresa W and Hedetniemi, Stephen and Slater, Peter},
  year={2013},
  publisher={CRC press}
}

@article{bergetheory,
  title={Theory of Graphs and its Applications [Russian translation]},
  author={Berge, Claude},
  journal={IL, Moscow},
  pages={150--152},
  year={1962}
}

@book{oretheory,
  title={Theory of graphs},
  author={Ore, Oystein},
  volume={38},
  year={1965},
  publisher={American Mathematical Soc.}
}

@inproceedings{cockayneindependence,
  title={Independence graphs},
  author={Cockayne, EJ and Hedetniemi, ST},
  booktitle={Proc. 5th S. E. Conf. on Combinatorics, Graph Theory and Computing},
  pages={471--491},
  year={1974}
}

@article{blidiaindependence,
  title={Independence and 2-domination in trees},
  author={Blidia, Mostafa},
  journal={Australas. J. Combin.},
  volume={33},
  pages={317--327},
  year={2005}
}

@article{domoloan,
  title={2-Domination and Restrained 2-Domination in Graphs},
  author={Domoloan, Bernadette D and Canoy Jr, Sergio R},
  journal={Applied Mathematical Sciences},
  volume={9},
  number={114},
  pages={5651--5659},
  year={2015}
}

@phdthesis{jonilso,
  title={Uma introdução à complexidade computacional parametrizada},
  author={Novacoscki, J.},
  journal={Applied Mathematical Sciences},
  year={2013},
  school="Universidade Federal do Paraná",
 address ={Curitiba, PR, Brasil},
}

@article{gimbel,
  title={Some remarks on the convexity number of a graph},
  author={Gimbel, John},
  journal={Graphs and Combinatorics},
  volume={19},
  number={3},
  pages={357--361},
  year={2003},
  publisher={Springer}
}
@article{michel,
  title={Reduced clique graphs of chordal graphs},
  author={Habib, Michel and Stacho, Juraj},
  journal={European Journal of Combinatorics},
  volume={33},
  number={5},
  pages={712--735},
  year={2012},
  publisher={Elsevier}
}

@phdthesis{ueverton,
  title={Multivariate Investigation of NP-Hard Problems: Boundaries Between Parameterized Tractability and Intractability},
  author={dos Santos Souza, Uéverton},
  year={2014},
  school={Tese de Doutorado-Instituto de Computação-UFF}
}


@article{unic,
author = {Ashok, Pradeesha and Kolay, Sudeshna and Misra, Neeldhara and Saurabh, Saket},
year = {2015},
month = {08},
pages = {548-558},
title = {Unique Covering Problems with Geometric Sets},
isbn = {978-3-319-21397-2},
doi = {10.1007/978-3-319-21398-9_43}
}